<?xml version="1.0" encoding="UTF-8"?><collection xmlns="http://www.loc.gov/MARC21/slim"><record><leader>00852nam--2200181-i-4500</leader><controlfield tag="001">000009862</controlfield><controlfield tag="002">20161230</controlfield><controlfield tag="005">20161230201028</controlfield><controlfield tag="008">060222s1000------------r-----000-0-eng-d</controlfield><datafield ind1=" " ind2=" " tag="040"><subfield code="a">IFIN-HH</subfield></datafield><datafield ind1=" " ind2=" " tag="080"><subfield code="a">537.533:537.534</subfield></datafield><datafield ind1="1" ind2=" " tag="100"><subfield code="a">Bakish, Robert</subfield></datafield><datafield ind1="1" ind2="0" tag="245"><subfield code="a">Electron and ion beam science and technology</subfield><subfield code="b">Volume 2. proceedings of the second international conference on electron and ion beam science and technology, sponsored by the metals division the metallurgical society of aime and electrothermics and metallurgy division the electrochemical society, inc. NEW YORK APRIL 1966</subfield><subfield code="c">Robert bakish (ed.)</subfield></datafield><datafield ind1=" " ind2=" " tag="260"><subfield code="a">New York</subfield><subfield code="b">American Institute Od Mining, Metallurgical And Petroleum Engineers</subfield><subfield code="c">1969</subfield></datafield><datafield ind1=" " ind2=" " tag="300"><subfield code="a">XI+1213 P</subfield></datafield><datafield ind1=" " ind2=" " tag="490"><subfield code="a">Metallurgical Society Conferences</subfield><subfield code="v">Volume 51</subfield></datafield><datafield ind1=" " ind2=" " tag="852"><subfield code="a">35508</subfield><subfield code="c">537.533.3</subfield></datafield><datafield ind1=" " ind2=" " tag="CAT"><subfield code="a">Sys</subfield><subfield code="c">20110901</subfield><subfield code="h">090428</subfield></datafield></record></collection>